<record><leader>01551cjm a2200385 a 4500</leader><controlfield tag="001">1378930</controlfield><controlfield tag="007">sd fjngnnmmned</controlfield><controlfield tag="008">910607s1985    fr munn             fre d</controlfield><datafield ind1=" " ind2=" " tag="010"><subfield code="a">   86754258 /R</subfield></datafield><datafield ind1="0" ind2="1" tag="028"><subfield code="a">BNL 112508</subfield><subfield code="b">BNL productions</subfield></datafield><datafield ind1="0" ind2="1" tag="028"><subfield code="a">112508</subfield><subfield code="b">BNL productions</subfield></datafield><datafield ind1=" " ind2=" " tag="035"><subfield code="a">ocm14716598</subfield></datafield><datafield ind1=" " ind2=" " tag="040"><subfield code="a">DLC</subfield><subfield code="b">eng</subfield><subfield code="c">DLC</subfield></datafield><datafield ind1="1" ind2=" " tag="045"><subfield code="b">d1930</subfield><subfield code="b">d1942</subfield></datafield><datafield ind1=" " ind2=" " tag="047"><subfield code="a">fg</subfield><subfield code="a">pr</subfield><subfield code="a">su</subfield></datafield><datafield ind1=" " ind2=" " tag="048"><subfield code="a">kb01</subfield></datafield><datafield ind1=" " ind2=" " tag="049"><subfield code="a">AEU</subfield><subfield code="b">eng</subfield></datafield><datafield ind1="1" ind2="0" tag="050"><subfield code="a">M7</subfield></datafield><datafield ind1="0" ind2=" " tag="090"><subfield code="a">M 7 D967 L363 1985</subfield></datafield><datafield ind1="1" ind2=" " tag="100"><subfield code="a">Durufl&#233;, Maurice,</subfield><subfield code="d">1902-1986.</subfield></datafield><datafield ind1="1" ind2="0" tag="240"><subfield code="a">Organ music.</subfield><subfield code="k">Selections</subfield></datafield><datafield ind1="0" ind2="0" tag="245"><subfield code="a">Int&#233;grale de l'&#339;uvre pour orgue</subfield><subfield code="h">[sound recording] /</subfield><subfield code="c">Maurice Durufl&#233;.</subfield></datafield><datafield ind1=" " ind2=" " tag="260"><subfield code="a">France :</subfield><subfield code="b">BNL productions,</subfield><subfield code="c">p1985.</subfield></datafield><datafield ind1=" " ind2=" " tag="300"><subfield code="a">1 sound disc :</subfield><subfield code="b">digital, stereo. ;</subfield><subfield code="c">4 3/4 in.</subfield></datafield><datafield ind1=" " ind2=" " tag="336"><subfield code="a">performed music</subfield><subfield code="b">prm</subfield><subfield code="2">rdacontent</subfield></datafield><datafield ind1=" " ind2=" " tag="337"><subfield code="a">audio</subfield><subfield code="b">s</subfield><subfield code="2">rdamedia</subfield></datafield><datafield ind1=" " ind2=" " tag="338"><subfield code="a">audio disc</subfield><subfield code="b">sd</subfield><subfield code="2">rdacarrier</subfield></datafield><datafield ind1=" " ind2=" " tag="500"><subfield code="a">Compact disc.</subfield></datafield><datafield ind1=" " ind2=" " tag="500"><subfield code="a">BNL productions: BNL 112508.</subfield></datafield><datafield ind1="0" ind2=" " tag="505"><subfield code="a">Fugue sur le carillon des heures de la Cath&#233;drale de Soissons (3:33) -- Pr&#233;lude, adagio et choral vari&#233; sur le Veni Creator (20:00) -- Scherzo (6:24) -- Pr&#233;lude sur l'introit de l'Epiphanie (1:55) -- Pr&#233;lude et fugue sur le nom d'Alain (12:02) -- Suite, opus 5 (23:00).</subfield></datafield><datafield ind1="0" ind2=" " tag="511"><subfield code="a">Olivier Latry playing the organ of Saint-Etienne du Mont, Paris.</subfield></datafield><datafield ind1=" " ind2=" " tag="596"><subfield code="a">38</subfield></datafield><datafield ind1=" " ind2="0" tag="650"><subfield code="a">Organ music.</subfield></datafield><datafield ind1="1" ind2=" " tag="700"><subfield code="a">Latry, Olivier,</subfield><subfield code="d">1962- ,</subfield><subfield code="e">performer.</subfield></datafield><datafield ind1=" " ind2=" " tag="926"><subfield code="a">M 7 D967 L363 1985</subfield><subfield code="w">LC</subfield><subfield code="c">1</subfield><subfield code="i">000036741692</subfield><subfield code="l">ON_SHELF</subfield><subfield code="m">UABARD</subfield><subfield code="p">$150.00</subfield><subfield code="r">Y</subfield><subfield code="s">Y</subfield><subfield code="t">MUSICSOUND</subfield><subfield code="u">6/11/1991</subfield><subfield code="o">.STAFF. B0031623</subfield></datafield></record>